<record><leader>00000cas a2200000 a 4500</leader><controlfield tag="001">12429955</controlfield><controlfield tag="008">850827d19301960orudn ne      0    0eng  </controlfield><controlfield tag="009">466</controlfield><datafield ind1=" " ind2=" " tag="010"><subfield code="a">sn 85042447 </subfield></datafield><datafield ind1=" " ind2=" " tag="040"><subfield code="a">DLC</subfield><subfield code="b">eng</subfield><subfield code="c">DLC</subfield><subfield code="d">OCN</subfield><subfield code="d">OCLCQ</subfield><subfield code="d">ORU</subfield><subfield code="d">OCLCO</subfield><subfield code="d">OCLCF</subfield></datafield><datafield ind1=" " ind2=" " tag="042"><subfield code="a">pcc</subfield></datafield><datafield ind1=" " ind2=" " tag="043"><subfield code="a">n-us-or</subfield></datafield><datafield ind1="0" ind2="0" tag="050"><subfield code="a">Newspaper 7002</subfield></datafield><datafield ind1="0" ind2="0" tag="245"><subfield code="a">Evening Astorian-budget.</subfield></datafield><datafield ind1="1" ind2="3" tag="246"><subfield code="a">Astorian-budget</subfield></datafield><datafield ind1="1" ind2="3" tag="246"><subfield code="a">Astorian evening budget</subfield></datafield><datafield ind1=" " ind2=" " tag="260"><subfield code="a">Astoria, Or. :</subfield><subfield code="b">Astorian-Budget Pub. Co.,</subfield><subfield code="c">1930-1960.</subfield></datafield><datafield ind1=" " ind2=" " tag="300"><subfield code="a">v. :</subfield><subfield code="b">ill. ;</subfield><subfield code="c">58 cm.</subfield></datafield><datafield ind1=" " ind2=" " tag="310"><subfield code="a">Daily (except Sun.)</subfield></datafield><datafield ind1="0" ind2=" " tag="362"><subfield code="a">37th year (Sept. 1, 1930)-v. 86, no. 288 (Dec. 3, 1960).</subfield></datafield><datafield ind1=" " ind2=" " tag="515"><subfield code="a">Issues called 37th year-68th year Evening budget and 57th year-87th year Morning Astorian, in continuation of the numbering of the previous titles.</subfield></datafield><datafield ind1=" " ind2=" " tag="515"><subfield code="a">Vol. numbering added with v. 83, no. 17 (Jan. 20, 1956).</subfield></datafield><datafield ind1=" " ind2=" " tag="530"><subfield code="a">Also available on microfilm from University of Oregon.</subfield></datafield><datafield ind1=" " ind2="0" tag="651"><subfield code="a">Astoria (Or.)</subfield><subfield code="v">Newspapers.</subfield></datafield><datafield ind1=" " ind2="0" tag="651"><subfield code="a">Clatsop County (Or.)</subfield><subfield code="v">Newspapers.</subfield></datafield><datafield ind1=" " ind2="7" tag="655"><subfield code="a">Newspapers.</subfield><subfield code="2">fast</subfield><subfield code="0">(OCoLC)fst01423814</subfield></datafield><datafield ind1=" " ind2="7" tag="651"><subfield code="a">Oregon</subfield><subfield code="z">Astoria.</subfield><subfield code="2">fast</subfield><subfield code="0">(OCoLC)fst01217113</subfield></datafield><datafield ind1=" " ind2="7" tag="651"><subfield code="a">Oregon</subfield><subfield code="z">Clatsop County.</subfield><subfield code="2">fast</subfield><subfield code="0">(OCoLC)fst01212951</subfield></datafield><datafield ind1=" " ind2=" " tag="752"><subfield code="a">United States</subfield><subfield code="b">Oregon</subfield><subfield code="c">Clatsop</subfield><subfield code="d">Astoria.</subfield></datafield><datafield ind1="0" ind2=" " tag="775"><subfield code="t">Weekly Astorian (Astoria, Or.)</subfield><subfield code="w">(DLC)sn 96088017</subfield><subfield code="w">(OCoLC)36862658</subfield></datafield><datafield ind1="0" ind2="4" tag="780"><subfield code="t">Morning Astorian</subfield><subfield code="w">(DLC)sn 85042400</subfield><subfield code="w">(OCoLC)12351987</subfield></datafield><datafield ind1="0" ind2="4" tag="780"><subfield code="t">Astoria evening budget</subfield><subfield code="w">(DLC)sn 96088012</subfield><subfield code="w">(OCoLC)36853050</subfield></datafield><datafield ind1="0" ind2="0" tag="785"><subfield code="t">Astorian-budget</subfield><subfield code="w">(DLC)sn 96088011</subfield><subfield code="w">(OCoLC)36853046</subfield></datafield></record>